<collection xmlns="http://www.loc.gov/MARC21/slim">
<record>
  <leader>01561nam0a2200241 i 450 </leader>
  <controlfield tag="001">IT\ICCU\CNCE\011112</controlfield>
  <controlfield tag="005">20151106000000.0</controlfield>
  <datafield tag="012" ind1=" " ind2=" ">
    <subfield code="a">i.s. t.t. in** In** (3) 1513 (R)</subfield>
    <subfield code="2">fei</subfield>
  </datafield>
  <datafield tag="100" ind1=" " ind2=" ">
    <subfield code="a">19970101d1513        0itac0103    ba</subfield>
  </datafield>
  <datafield tag="101" ind1=" " ind2=" ">
    <subfield code="a">LAT</subfield>
  </datafield>
  <datafield tag="102" ind1=" " ind2=" ">
    <subfield code="a">IT</subfield>
  </datafield>
  <datafield tag="200" ind1="1" ind2=" ">
    <subfield code="a">Manuale secundum ritum Sancte Romane Ecclesie cum cantu nouiter compilatum. In quo quidem calendarium dominicalia ferialia sanctorum propria communiaque officia cum competentibus rubricis suis in locis insertis necnon Virginis alme votiuum officum cum eius infra positis antiphonis mortuorum usque et sepulture atque noua in fine consistunt. Taurini tam in litteris et punctis atque notis et pausis modica non diligentia ordinatum et impressum atque quantum potuimus diligenter emendatum ...</subfield>
  </datafield>
  <datafield tag="210" ind1=" " ind2=" ">
    <subfield code="a">\Torino</subfield>
    <subfield code="c">Pietro Paolo Porro e Galeazzo Porro!</subfield>
    <subfield code="e">Taurini</subfield>
    <subfield code="g">impensa Petri Pauli et Galeazij de Porris</subfield>
    <subfield code="h">1513</subfield>
  </datafield>
  <datafield tag="215" ind1=" " ind2=" ">
    <subfield code="a">\10!, CLII c.</subfield>
    <subfield code="c">ill.</subfield>
    <subfield code="d">4ʻ</subfield>
  </datafield>
  <datafield tag="500" ind1="1" ind2="0">
    <subfield code="3">IT\ICCU\CNCE\027347</subfield>
    <subfield code="a">Antiphonale officii</subfield>
  </datafield>
  <datafield tag="620" ind1=" " ind2=" ">
    <subfield code="a">IT</subfield>
    <subfield code="d">Torino</subfield>
  </datafield>
  <datafield tag="710" ind1="0" ind2="2">
    <subfield code="a">Chiesa cattolica</subfield>
    <subfield code="3">6731</subfield>
  </datafield>
  <datafield tag="712" ind1="0" ind2="0">
    <subfield code="a">Porro, Pietro Paolo &amp; Porro, Galeazzo</subfield>
    <subfield code="3">IT\ICCU\CNCT\001424</subfield>
    <subfield code="4">650</subfield>
  </datafield>
  <datafield tag="791" ind1="0" ind2="0">
    <subfield code="a">Porro, Galeazzo</subfield>
    <subfield code="3">IT\ICCU\CNCT\001425</subfield>
    <subfield code="z">Porro, Pietro Paolo &amp; Porro, Galeazzo</subfield>
  </datafield>
  <datafield tag="801" ind1=" " ind2="3">
    <subfield code="a">IT</subfield>
    <subfield code="b">ICCU</subfield>
    <subfield code="c">20201113</subfield>
  </datafield>
  <datafield tag="899" ind1=" " ind2=" ">
    <subfield code="a">Biblioteca Palatina. Sezione musicale. Parma</subfield>
    <subfield code="1">PR0071</subfield>
    <subfield code="2">PAR SM</subfield>
  </datafield>
  <datafield tag="911" ind1=" " ind2=" ">
    <subfield code="a">nel front.</subfield>
    <subfield code="9">IT\ICCU\CNCM\001466</subfield>
  </datafield>
  <datafield tag="921" ind1=" " ind2=" ">
    <subfield code="a">IT\ICCU\CNCM\001466</subfield>
    <subfield code="b">Cerchi concentrici con croce doppia e iniziali P.P.P. All&apos;interno dei cerchi: sit nomen Domini</subfield>
    <subfield code="c">Z327</subfield>
    <subfield code="d">Dimensioni: 3,8 x 5,5</subfield>
    <subfield code="f">CERCHIO</subfield>
    <subfield code="f">CROCE</subfield>
    <subfield code="f">PPP</subfield>
    <subfield code="f">SITNOMENDO</subfield>
    <subfield code="g">1513-1522</subfield>
  </datafield>
</record>
</collection>
